@inproceedings{Vartholomeos2005,
  title={Analysis and Design of a Novel Mini-platform Employing Vibration Micro-motors},
  author={Vartholomeos, Panagiotis and Papadopoulos, Evangelos},
  booktitle={Robotics and Automation, 2005. ICRA 2005. Proceedings of the 2005 IEEE International Conference on},
  pages={3627--3632},
  year={2005},
  organization={IEEE}
}

@inproceedings{Vartholomeos2006,
  title={Analysis, design and control of a planar micro-robot driven by two centripetal-force actuators},
  author={Vartholomeos, Panagiotis and Papadopoulos, Evangelos},
  booktitle={Robotics and Automation, 2006. ICRA 2006. Proceedings 2006 IEEE International Conference on},
  pages={649--654},
  year={2006},
  organization={IEEE}
}

@inproceedings{Rubenstein2012,
  title={Kilobot: A low cost scalable robot system for collective behaviors},
  author={Rubenstein, Michael and Ahler, Christian and Nagpal, Radhika},
  booktitle={Robotics and Automation (ICRA), 2012 IEEE International Conference on},
  pages={3293--3298},
  year={2012},
  organization={IEEE}
}
